@article{Lauer:1975gf,
address = {Newcastle},
author = {Lauer, H C},
doi = {doi:10.1093/comjnl/18.3.279},
file = {:Users/willner/Documents/publications/Lauer/The Computer Journal/Lauer - 1975 - Discussion on Ph. D. thesis proposals in computing science.pdf:pdf},
institution = {University of Newcastle upon Tyne},
journal = {The Computer Journal},
keywords = {Ph.D.,Presentation,Wiss.Arbeiten},
mendeley-tags = {Wiss.Arbeiten},
number = {3},
pages = {279--281},
series = {Computing Laboratory Technical Report Series},
title = {{Discussion: on Ph. D. thesis proposals in computing science}},
volume = {18},
year = {1975}
}
